%------------------------------------------------------------------------------------------------------------------------------------------------------------------------
%	EXAMPLES
%------------------------------------------------------------------------------------------------------------------------------------------------------------------------
@Article{ hanke:dfwudc,
	AUTHOR = "Author, A. and Author, B.",
	JOURNAL = "Some Journal",
	KEY = "ANDE",
	PAGES = "275-308",
	TITLE = "Random Thoughts",
	VOLUME = "9",
	YEAR = "1992"
}

@InBook{ churchman:itor,
	AUTHOR = "Author, A.",
	CHAPTER = "Randomly thinking about something",
	KEY = "BARS",
	PAGES = "76-121",
	PUBLISHER = "Random Publishers",
	TITLE = "About Randomness and Thinking",
	YEAR = "1989"
}

@InProceedings{ berry:teomowcihbsi,
	AUTHOR = "Author, A. and Author, C.",
	BOOKTITLE = "Proceedings of Random Thoughts PRT 2001",
	KEY = "BISW",
	PAGES = "591-595",
	TITLE = "Random by chance",
	YEAR = "1991"
}

%------------------------------------------------------------------------------------------------------------------------------------------------------------------------
%	ABSTRACT
%------------------------------------------------------------------------------------------------------------------------------------------------------------------------

@article{bronowski1988nature,
  title={The Nature of Scientific Reasoning},
  author={Bronowski, Jacob},
  journal={Occasions for Writing},
  pages={443--45},
  year={1988}
}

%------------------------------------------------------------------------------------------------------------------------------------------------------------------------
%	CHAPTER 1
%------------------------------------------------------------------------------------------------------------------------------------------------------------------------
@book{friedman2001elements,
  title={The elements of statistical learning},
  author={Friedman, Jerome and Hastie, Trevor and Tibshirani, Robert},
  volume={1},
  year={2001},
  publisher={Springer series in statistics Springer, Berlin}
}

@book{james2013introduction,
  title={An introduction to statistical learning},
  author={James, Gareth and Witten, Daniela and Hastie, Trevor and Tibshirani, Robert},
  volume={6},
  year={2013},
  publisher={Springer}
}

@article{dooge1986looking,
  title={Looking for hydrologic laws},
  author={Dooge, James CI},
  journal={Water Resources Research},
  volume={22},
  number={9S},
  year={1986},
  publisher={Wiley Online Library}
}

@article{guisan2000predictive,
  title={Predictive habitat distribution models in ecology},
  author={Guisan, Antoine and Zimmermann, Niklaus E},
  journal={Ecological modelling},
  volume={135},
  number={2},
  pages={147--186},
  year={2000},
  publisher={Elsevier}
}

@article{levins1966strategy,
  title={The strategy of model building in population biology},
  author={Levins, Richard},
  journal={American scientist},
  volume={54},
  number={4},
  pages={421--431},
  year={1966},
  publisher={JSTOR}
}

@book{beven2011rainfall,
  title={Rainfall-runoff modelling: the primer},
  author={Beven, Keith J},
  year={2011},
  publisher={John Wiley \& Sons}
}

@article{todini1988rainfall,
  title={Rainfall-runoff modeling Past, present and future},
  author={Todini, E},
  journal={Journal of Hydrology},
  volume={100},
  number={1},
  pages={341--352},
  year={1988},
  publisher={Elsevier}
}

@book{singh2005watershed,
  title={Watershed models},
  author={Singh, Vijay P and Frevert, Donald K},
  year={2005},
  publisher={CRC Press}
}

@misc{bonniethesis,
  author={Magnuson-Skeels, Bonnie},
  title={Using Machine Learning to Statistically Predict Natural Flow},
  year={2016},
  publisher={MS Thesis}
}

@article{sivapalan2003iahs,
  title={IAHS Decade on Predictions in Ungauged Basins (PUB), 2003--2012: Shaping an exciting future for the hydrological sciences},
  author={Sivapalan, Murugesu and Takeuchi, K and Franks, SW and Gupta, VK and Karambiri, H and Lakshmi, V and Liang, X and McDonnell, JJ and Mendiondo, EM and O'connell, PE and others},
  journal={Hydrological sciences journal},
  volume={48},
  number={6},
  pages={857--880},
  year={2003},
  publisher={Taylor \& Francis}
}

@article{sivapalan2003prediction,
  title={Prediction in ungauged basins: a grand challenge for theoretical hydrology},
  author={Sivapalan, Murugesu},
  journal={Hydrological Processes},
  volume={17},
  number={15},
  pages={3163--3170},
  year={2003},
  publisher={Wiley Online Library}
}

@article{hrachowitz2013decade,
  title={A decade of Predictions in Ungauged Basins (PUB)â€”a review},
  author={Hrachowitz, M and Savenije, HHG and Bl{\"o}schl, G and McDonnell, JJ and Sivapalan, Murugesu and Pomeroy, JW and Arheimer, Berit and Blume, T and Clark, MP and Ehret, U and others},
  journal={Hydrological sciences journal},
  volume={58},
  number={6},
  pages={1198--1255},
  year={2013},
  publisher={Taylor \& Francis}
}

@article{zehe2008threshold,
  title={Threshold behavior in hydrological systems and geo-ecosystems: manifestations, controls and implications for predictability.},
  author={Zehe, E and Sivapalan, M},
  journal={Hydrology \& Earth System Sciences Discussions},
  volume={5},
  number={6},
  year={2008}
}

@article{spence2006hydrology,
  title={Hydrology of subarctic Canadian Shield: heterogeneous headwater basins},
  author={Spence, Christopher and Woo, Ming-ko},
  journal={Journal of Hydrology},
  volume={317},
  number={1-2},
  pages={138--154},
  year={2006},
  publisher={Elsevier}
}

@article{min2002modeling,
  title={Modeling nonnegative data with clumping at zero: a survey},
  author={Min, Yongyi and Agresti, Alan},
  journal={Journal of the Iranian Statistical Society},
  volume={1},
  number={1},
  pages={7--33},
  year={2002},
  publisher={Journal of The Iranian Statistical Society}
}

@article{tobin1958estimation,
  title={Estimation of relationships for limited dependent variables},
  author={Tobin, James},
  journal={Econometrica: journal of the Econometric Society},
  pages={24--36},
  year={1958},
  publisher={JSTOR}
}

@article{duan1983comparison,
  title={A comparison of alternative models for the demand for medical care},
  author={Duan, Naihua and Manning, Willard G and Morris, Carl N and Newhouse, Joseph P},
  journal={Journal of business \& economic statistics},
  volume={1},
  number={2},
  pages={115--126},
  year={1983},
  publisher={Taylor \& Francis}
}
@book{grubinger2011evtree,
  title={evtree: Evolutionary learning of globally optimal classification and regression trees in R},
  author={Grubinger, Thomas and Zeileis, Achim and Pfeiffer, Karl-Peter and others},
  year={2011},
  publisher={Department of Economics (Inst. f{\"u}r Wirtschaftstheorie und Wirtschaftsgeschichte)}
}

@article{grubinger2013package,
  title={Package `evtree'},
  author={Grubinger, Thomas and Zeileis, Achim and Pfeiffer, Karl-Peter and Grubinger, Maintainer Thomas},
  year={2013}
}

@article{breiman1996bagging,
  title={Bagging predictors},
  author={Breiman, Leo},
  journal={Machine learning},
  volume={24},
  number={2},
  pages={123--140},
  year={1996},
  publisher={Springer}
}

@article{breiman2001random,
  title={Random forests},
  author={Breiman, Leo},
  journal={Machine learning},
  volume={45},
  number={1},
  pages={5--32},
  year={2001},
  publisher={Springer}
}

@article{friedman2001greedy,
  title={Greedy function approximation: a gradient boosting machine},
  author={Friedman, Jerome H},
  journal={Annals of statistics},
  pages={1189--1232},
  year={2001},
  publisher={JSTOR}
}

@article{grubinger2010regression,
  title={Regression tree construction by bootstrap: Model search for drg-systems applied to austrian health-data},
  author={Grubinger, Thomas and Kobel, Conrad and Pfeiffer, Karl-Peter},
  journal={BMC Medical Informatics and Decision Making},
  volume={10},
  number={1},
  pages={1},
  year={2010},
  publisher={BioMed Central}
}

@book{breiman1984classification,
  title={Classification and regression trees},
  author={Breiman, Leo and Friedman, Jerome and Stone, Charles J and Olshen, Richard A},
  year={1984},
  publisher={CRC press}
}

% R

@Manual{Rlanguage,
  title = {R: A Language and Environment for Statistical Computing},
  author = {{R Core Team}},
  organization = {R Foundation for Statistical Computing},
  address = {Vienna, Austria},
  year = {2018},
  url = {https://www.R-project.org/},
}

% RStudio
@Manual{RStudio,
    title = {RStudio: Integrated Development Environment for R},
    author = {{RStudio Team}},
    organization = {RStudio, Inc.},
    address = {Boston, MA},
    year = {2016},
    url = {http://www.rstudio.com/},
  }

% rpart library
@article{therneau2010rpart,
  title={rpart: Recursive partitioning},
  author={Therneau, Terry M and Atkinson, Beth and Ripley, Brian and others},
  journal={R package version},
  volume={3},
  pages={1--46},
  year={2010}
}

@article{liaw2002classification,
  title={Classification and regression by randomForest},
  author={Liaw, Andy and Wiener, Matthew},
  journal={R news},
  volume={2},
  number={3},
  pages={18--22},
  year={2002}
}

@Manual{raster,
  title = {raster: Geographic Data Analysis and Modeling},
  author = {Robert J. Hijmans},
  year = {2019},
  note = {R package version 2.8-19},
  url = {https://CRAN.R-project.org/package=raster},
}
@Article{sp1,
  author = {Edzer J. Pebesma and Roger S. Bivand},
  title = {Classes and methods for spatial data in {R}},
  journal = {R News},
  year = {2005},
  volume = {5},
  number = {2},
  pages = {9--13},
  month = {November},
  url = {https://CRAN.R-project.org/doc/Rnews/},
}

@Book{sp2,
  author = {Roger S. Bivand and Edzer Pebesma and Virgilio Gomez-Rubio},
  title = {Applied spatial data analysis with {R}, Second edition},
  year = {2013},
  publisher = {Springer, NY},
  url = {http://www.asdar-book.org/},
}
@Manual{rgdal,
  title = {rgdal: Bindings for the 'Geospatial' Data Abstraction Library},
  author = {Roger Bivand and Tim Keitt and Barry Rowlingson},
  year = {2018},
  note = {R package version 1.3-6},
  url = {https://CRAN.R-project.org/package=rgdal},
}
@Manual{rgeos,
  title = {rgeos: Interface to Geometry Engine - Open Source ('GEOS')},
  author = {Roger Bivand and Colin Rundel},
  year = {2018},
  note = {R package version 0.4-2},
  url = {https://CRAN.R-project.org/package=rgeos},
}
@Manual{dismo,
  title = {dismo: Species Distribution Modeling},
  author = {Robert J. Hijmans and Steven Phillips and John Leathwick and Jane Elith},
  year = {2017},
  note = {R package version 1.1-4},
  url = {https://CRAN.R-project.org/package=dismo},
}
@Manual{geojsonio,
  title = {geojsonio: Convert Data from and to 'GeoJSON' or 'TopoJSON'},
  author = {Scott Chamberlain and Andy Teucher},
  year = {2018},
  note = {R package version 0.6.0},
  url = {https://CRAN.R-project.org/package=geojsonio},
}
@Manual{hydroGOF,
  title = {hydroGOF: Goodness-of-fit functions for comparison of simulated and observed hydrological time series},
  author = {{Mauricio Zambrano-Bigiarini}},
  year = {2017},
  note = {R package version 0.3-10},
  url = {http://hzambran.github.io/hydroGOF/},
  doi = {10.5281/zenodo.840087},
}
@Manual{RColorBrewer,
  title = {RColorBrewer: ColorBrewer Palettes},
  author = {Erich Neuwirth},
  year = {2014},
  note = {R package version 1.1-2},
  url = {https://CRAN.R-project.org/package=RColorBrewer},
}
@Manual{fBasics,
  title = {fBasics: Rmetrics - Markets and Basic Statistics},
  author = {Diethelm Wuertz and Tobias Setz and Yohan Chalabi},
  year = {2017},
  note = {R package version 3042.89},
  url = {https://CRAN.R-project.org/package=fBasics},
}
@Article{lmtest,
  title = {Diagnostic Checking in Regression Relationships},
  author = {Achim Zeileis and Torsten Hothorn},
  journal = {R News},
  year = {2002},
  volume = {2},
  number = {3},
  pages = {7--10},
  url = {https://CRAN.R-project.org/doc/Rnews/},
}
@Manual{prism,
  title = {prism: Download data from the Oregon prism project},
  author = {Edmund M. Hart and Kendon Bell},
  year = {2015},
  note = {R package version 0.0.6},
  url = {http://github.com/ropensci/prism},
  doi = {10.5281/zenodo.33663},
}
@Article{reshape2,
  title = {Reshaping Data with the {reshape} Package},
  author = {Hadley Wickham},
  journal = {Journal of Statistical Software},
  year = {2007},
  volume = {21},
  number = {12},
  pages = {1--20},
  url = {http://www.jstatsoft.org/v21/i12/},
}

% statmod for glm fitting with Tweedie distribution
@Article{statmod,
  author = {Goknur Giner and Gordon K. Smyth},
  year = {2016},
  title = {statmod: probability calculations for the inverse Gaussian distribution},
  journal = {R Journal},
  volume = {8},
  number = {1},
  pages = {339-351},
}

% R package, data for CDEC came from here
@article{beaudette2016package,
  title={Package `sharpshootR'},
  author={Beaudette, Maintainer Dylan},
  year={2016}
}

@ARTICLE{Moriasi2007885,
author={Moriasi, D.N. and Arnold, J.G. and Van Liew, M.W. and Bingner, R.L. and Harmel, R.D. and Veith, T.L.},
title={Model evaluation guidelines for systematic quantification of accuracy in watershed simulations},
journal={Transactions of the ASABE},
year={2007},
volume={50},
number={3},
pages={885-900},
note={cited By 2311},
url={https://www.scopus.com/inward/record.uri?eid=2-s2.0-34447500396&partnerID=40&md5=50b5724614f28257edef46d43db96018},
document_type={Article},
source={Scopus},
}

% SRTM
@article{jarvis2008hole,
  title={Hole-filled SRTM for the globe Version 4},
  author={Jarvis, Andy and Reuter, Hannes Isaak and Nelson, Andrew and Guevara, Edward and others},
  journal={available from the CGIAR-CSI SRTM 90m Database},
  url={http://srtm.csi.cgiar.org},
  year={2008}
}

% NHDPLUSV2
@article{mckay2012nhdplus,
  title={NHDPlus Version 2: user guide},
  author={McKay, L and Bondelid, T and Dewald, T and Johnston, J and Moore, R and Rea, A},
  journal={National Operational Hydrologic Remote Sensing Center, Washington, DC},
  year={2012}
}

% POLARIS
@article{chaney2016polaris,
  title={POLARIS: A 30-meter probabilistic soil series map of the contiguous United States},
  author={Chaney, Nathaniel W and Wood, Eric F and McBratney, Alexander B and Hempel, Jonathan W and Nauman, Travis W and Brungard, Colby W and Odgers, Nathan P},
  journal={Geoderma},
  volume={274},
  pages={54--67},
  year={2016},
  publisher={Elsevier}
}

% NRCS 
@article{nrcs2006land,
  title={Land resource regions and major land resource areas of the United States, the Caribbean, and the Pacific Basin},
  author={{NRCS, USDA}},
  journal={US Department of Agriculture Handbook},
  volume={296},
  year={2006}
}

% CALVEG
@ARTICLE{calveg2004vegetation,
  title={Existing vegetation--vegetation classification and mapping for region 5},
  author={{Forest Service, USDA, Pacific Southwest Region}},
  year={2006}
}

@article{klemes1982empirical,
  title={Empirical and causal models in hydrology},
  author={Klemes, Vet},
  year={1982}
}

@article{lane1revealing,
  title={REVEALING THE DIVERSITY OF NATURAL HYDROLOGIC REGIMES IN CALIFORNIA WITH RELEVANCE FOR ENVIRONMENTAL FLOWS APPLICATIONS1},
  year={2017},
  author={Lane, Belize A and Dahlke, Helen E and Pasternack, Gregory B and Sandoval-Solis, Samuel},
  journal={Journal of the American Water Resources Association (JAWRA)},
  volume={1},
  pages={20}
}

@article{shortridge2016machine,
  title={Machine learning methods for empirical streamflow simulation: a comparison of model accuracy, interpretability, and uncertainty in seasonal watersheds},
  author={Shortridge, Julie E and Guikema, Seth D and Zaitchik, Benjamin F},
  journal={Hydrology and Earth System Sciences},
  volume={20},
  number={7},
  pages={2611},
  year={2016},
  publisher={Copernicus GmbH}
}

@article{tokar1999rainfall,
  title={Rainfall-runoff modeling using artificial neural networks},
  author={Tokar, A Sezin and Johnson, Peggy A},
  journal={Journal of Hydrologic Engineering},
  volume={4},
  number={3},
  pages={232--239},
  year={1999},
  publisher={American Society of Civil Engineers}
}

@article{asefa2006multi,
  title={Multi-time scale stream flow predictions: the support vector machines approach},
  author={Asefa, Tirusew and Kemblowski, Mariush and McKee, Mac and Khalil, Abedalrazq},
  journal={Journal of Hydrology},
  volume={318},
  number={1},
  pages={7--16},
  year={2006},
  publisher={Elsevier}
}

@article{lin2006using,
  title={Using support vector machines for long-term discharge prediction},
  author={Lin, Jian-Yi and Cheng, Chun-Tian and Chau, Kwok-Wing},
  journal={Hydrological Sciences Journal},
  volume={51},
  number={4},
  pages={599--612},
  year={2006},
  publisher={Taylor \& Francis}
}

@article{iorgulescu2004nonparametric,
  title={Nonparametric direct mapping of rainfall-runoff relationships: An alternative approach to data analysis and modeling?},
  author={Iorgulescu, I and Beven, Keith J},
  journal={Water Resources Research},
  volume={40},
  number={8},
  year={2004},
  publisher={Wiley Online Library}
}

@article{galelli2013tree,
  title={Tree-based iterative input variable selection for hydrological modeling},
  author={Galelli, S and Castelletti, A},
  journal={Water Resources Research},
  volume={49},
  number={7},
  pages={4295--4310},
  year={2013},
  publisher={Wiley Online Library}
}

@article{worland2018improving,
  title={Improving predictions of hydrological low-flow indices in ungaged basins using machine learning},
  author={Worland, Scott C and Farmer, William H and Kiang, Julie E},
  journal={Environmental Modelling \& Software},
  volume={101},
  pages={169--182},
  year={2018},
  publisher={Elsevier}
}

@article{hsu2002self,
  title={Self-organizing linear output map (SOLO): An artificial neural network suitable for hydrologic modeling and analysis},
  author={Hsu, Kuo-lin and Gupta, Hoshin V and Gao, Xiaogang and Sorooshian, Soroosh and Imam, Bisher},
  journal={Water Resources Research},
  volume={38},
  number={12},
  year={2002},
  publisher={Wiley Online Library}
}

@article{minns1996artificial,
  title={Artificial neural networks as rainfall-runoff models},
  author={Minns, AW and Hall, MJ},
  journal={Hydrological sciences journal},
  volume={41},
  number={3},
  pages={399--417},
  year={1996},
  publisher={Taylor \& Francis}
}

@article{dawson1998artificial,
  title={An artificial neural network approach to rainfall-runoff modelling},
  author={Dawson, Christian W and Wilby, Robert},
  journal={Hydrological Sciences Journal},
  volume={43},
  number={1},
  pages={47--66},
  year={1998},
  publisher={Taylor \& Francis}
}

@article{dibike1999encapsulation,
  title={On the encapsulation of numerical-hydraulic models in artificial neural network},
  author={Dibike, Yonas B and Solomatine, Dimitri and Abbott, Michael B},
  journal={Journal of Hydraulic research},
  volume={37},
  number={2},
  pages={147--161},
  year={1999},
  publisher={Taylor \& Francis Group}
}

@article{abrahart2000comparing,
  title={Comparing neural network and autoregressive moving average techniques for the provision of continuous river flow forecasts in two contrasting catchments},
  author={Abrahart, Robert J and See, Linda},
  journal={Hydrological processes},
  volume={14},
  number={11-12},
  pages={2157--2172},
  year={2000},
  publisher={Wiley Online Library}
}

@book{govindaraju2013artificial,
  title={Artificial neural networks in hydrology},
  author={Govindaraju, Rao S and Rao, A Ramachandra},
  volume={36},
  year={2013},
  publisher={Springer Science \& Business Media}
}

@article{hu2007rainfall,
  title={Rainfall--runoff modeling using principal component analysis and neural network},
  author={Hu, Tiesong and Wu, Fengyan and Zhang, Xiang},
  journal={Hydrology Research},
  volume={38},
  number={3},
  pages={235--248},
  year={2007},
  publisher={IWA Publishing}
}

@article{abrahart2007timing,
  title={Timing error correction procedure applied to neural network rainfall--runoff modelling},
  author={Abrahart, Robert J and Heppenstall, Alison J and See, Linda M},
  journal={Hydrological sciences journal},
  volume={52},
  number={3},
  pages={414--431},
  year={2007},
  publisher={Taylor \& Francis}
}

@article{solomatine2008data,
  title={Data-driven modelling: some past experiences and new approaches},
  author={Solomatine, Dimitri P and Ostfeld, Avi},
  journal={Journal of hydroinformatics},
  volume={10},
  number={1},
  pages={3--22},
  year={2008},
  publisher={IWA Publishing}
}

@article{pettystreamflow,
  title={Streamflow Hydrology Estimate Using Machine Learning (SHEM)},
  author={Petty, TR and Dhingra, P},
  journal={JAWRA Journal of the American Water Resources Association},
  publisher={Wiley Online Library}, 
  year={2017}
}

@article{sherman1932streamflow,
  title={Streamflow from rainfall by the unit-graph method},
  author={Sherman, LeRoy K},
  journal={Eng. News Record},
  volume={108},
  pages={501--505},
  year={1932}
}

@book{dooge1973linear,
  title={Linear theory of hydrologic systems},
  author={Dooge, James CI},
  number={1468},
  year={1973},
  publisher={Agricultural Research Service, US Department of Agriculture}
}
%------------------------------------------------------------------------------------------------------------------------------------------------------------------------
%	CHAPTER 2
%------------------------------------------------------------------------------------------------------------------------------------------------------------------------
@article{vapnik1999overview,
  title={An overview of statistical learning theory},
  author={Vapnik, Vladimir Naumovich},
  journal={IEEE transactions on neural networks},
  volume={10},
  number={5},
  pages={988--999},
  year={1999},
  publisher={IEEE}
}

@article{mr1763essay,
  title={An essay towards solving a problem in the doctrine of chances. by the late rev. mr. bayes, frs communicated by mr. price, in a letter to john canton, amfrs},
  author={Mr. Bayes and Price, Mr},
  journal={Philosophical Transactions (1683-1775)},
  pages={370--418},
  year={1763},
  publisher={JSTOR}
}

@article{stigler1981gauss,
  title={Gauss and the invention of least squares},
  author={Stigler, Stephen M},
  journal={The Annals of Statistics},
  pages={465--474},
  year={1981},
  publisher={JSTOR}
}

@article{o2000biography,
  title={Biography of Pierre-Simon Laplace and article on Orbits and Gravitation},
  author={O'Connor, JJ and Robertson, EF},
  journal={Published by School of Mathematics and Statistics, University of St Andrews, Scotland.},
  url={http://www-history.mcs.standrews.ac.uk/history/Mathematicians/Laplace.html},
  year={2000}
}

@book{hardle2007applied,
  title={Applied multivariate statistical analysis},
  author={H{\"a}rdle, Wolfgang and Simar, L{\'e}opold},
  volume={22007},
  year={2007},
  publisher={Springer}
}

@article{marr2016short,
  title={A Short History of Machine Learning Every Manager Should Read},
  author={Marr, Bernard},
  journal={Forbes},
  url={http://tinyurl.com/gslvr6k},
  year={2016}
}

@article{hayes2013first,
  title={First links in the Markov chain},
  author={Hayes, Brian and others},
  journal={American Scientist},
  volume={101},
  number={2},
  pages={252},
  year={2013}
}

@incollection{fukushima1982neocognitron,
  title={Neocognitron: A self-organizing neural network model for a mechanism of visual pattern recognition},
  author={Fukushima, Kunihiko and Miyake, Sei},
  booktitle={Competition and cooperation in neural nets},
  pages={267--285},
  year={1982},
  publisher={Springer}
}

@book{nelder1972generalized,
  title={Generalized linear models},
  author={Nelder, John Ashworth and Wedderburn, R W M},
  year={1972},
  publisher={Wiley Online Library}
}

@article{dejong1981generalizations,
  title={Generalizations based on explanations},
  author={DeJong, Gerald},
  journal={Urbana},
  volume={51},
  number={61,801},
  year={1981}
}

@article{hopfield1982neural,
  title={Neural networks and physical systems with emergent collective computational abilities},
  author={Hopfield, John J},
  journal={Proceedings of the national academy of sciences},
  volume={79},
  number={8},
  pages={2554--2558},
  year={1982},
  publisher={National Acad Sciences}
}

@article{cover1967nearest,
  title={Nearest neighbor pattern classification},
  author={Cover, Thomas and Hart, Peter},
  journal={IEEE transactions on information theory},
  volume={13},
  number={1},
  pages={21--27},
  year={1967},
  publisher={IEEE}
}

@article{breiman1993classification,
  title={Classification and Regression Trees. Wadsworth, 1984},
  author={Breiman, Leo and Friedman, JH and Olshen, Richard A and Stone, Charles J},
  journal={Google Scholar},
  year={1993}
}

@book{hastie1990generalized,
  title={Generalized Additive Models},
  author={Hastie, TJ and Tibshirani, RJ},
  volume={43},
  year={1990},
  publisher={CRC Press}
}

@misc{winston2010class,
  title={6.034 Artificial Intelligence, Fall 2010. Massachusetts Institute of Technology: {MIT} OpenCourseWare},
  author={Winston, Patrick},
  year={2010},
  url={https://ocw.mit.edu. License: Creative Commons BY-NC-SA}
}

@article{kinect2018,
  title={Microsoft Kinect Refuses to Die},
  author={Cranz, Alex},
  journal={Gizmodo},
  url={https://gizmodo.com/microsoft-kinect-refuses-to-die-1825847023},
  year={2018}
}

@article{dean2015using,
  title={Using large-scale brain simulations for machine learning and AI},
  author={Dean, Jeff and Ng, Andrew},
  journal={Official Google Blog},
  url={https://www.blog.google/technology/ai/using-large-scale-brain-simulations-for/},
  volume={26},
  year={2015}
}

@article{simonite2014software,
  title={Software That Matches Faces Almost as Well as You Do},
  author={Simonite, Tom},
  journal={Technology Review},
  volume={117},
  number={3},
  pages={19--19},
  year={2014},
  publisher={TECHNOL REV 1 MAIN ST, 13 FLR, CAMBRIDGE, MA 02142 USA}
}

@article{sibyl2014,
  title={Inside Sibyl, Google's Massively Parallel Machine Learning Platform},
  author={Woodie, Alex},
  journal={Datanami},
  url={https://www.datanami.com/2014/07/17/inside-sibyl-googles-massively-parallel-machine-learning-platform/},
  year={2014}
}

@article{sagemaker2018,
  title={Amazon SageMaker: Build, train, and deploy machine learning models at scale},
  author={{Amazon Web Services}},
  journal={Amazon},
  url={https://aws.amazon.com/sagemaker/features/},
  year={2018}
}

@article{microsoft2015dmlt,
  title={Googles TensorFlow and Microsofts DMTK goes open source},
  author={Rolle, Oliver},
  journal={PosiDev Blog},
  url={http://posidev.com/blog/2015/11/14/googles-tensorflow-and-microsofts-dmtk-goes-open-source/},
  year={2015}
}

@misc{hawking2015autonomous,
  title={Autonomous weapons: an open letter from AI \& robotics researchers. Future of Life Institute},
  author={Hawking, S and Musk, E and Wozniak, S and others},
  year={2015}
}

@inproceedings{ho1995random,
  title={Random decision forests},
  author={Ho, Tin Kam},
  booktitle={Document analysis and recognition, 1995., proceedings of the third international conference on},
  volume={1},
  pages={278--282},
  year={1995},
  organization={IEEE}
}

@article{cortes1995support,
  title={Support-vector networks},
  author={Cortes, Corinna and Vapnik, Vladimir},
  journal={Machine learning},
  volume={20},
  number={3},
  pages={273--297},
  year={1995},
  publisher={Springer}
}

@article{hochreiter1997long,
  title={Long short-term memory},
  author={Hochreiter, Sepp and Schmidhuber, J{\"u}rgen},
  journal={Neural computation},
  volume={9},
  number={8},
  pages={1735--1780},
  year={1997},
  publisher={MIT Press}
}

@article{hinton2006fast,
  title={A fast learning algorithm for deep belief nets},
  author={Hinton, Geoffrey E and Osindero, Simon and Teh, Yee-Whye},
  journal={Neural computation},
  volume={18},
  number={7},
  pages={1527--1554},
  year={2006},
  publisher={MIT Press}
}

@article{ames2005using,
  title={Using Bayesian networks to model watershed management decisions: an East Canyon Creek case study},
  author={Ames, Daniel P and Neilson, Bethany T and Stevens, David K and Lall, Upmanu},
  journal={Journal of hydroinformatics},
  volume={7},
  number={4},
  pages={267--282},
  year={2005},
  publisher={IWA Publishing}
}

@article{han2007flood,
  title={Flood forecasting using support vector machines},
  author={Han, D and Chan, L and Zhu, N},
  journal={Journal of hydroinformatics},
  volume={9},
  number={4},
  pages={267--276},
  year={2007},
  publisher={IWA Publishing}
}

@article{yu2004ec,
  title={EC-SVM approach for real-time hydrologic forecasting},
  author={Yu, Xinying and Liong, Shie-Yui and Babovic, Vladan},
  journal={Journal of Hydroinformatics},
  volume={6},
  number={3},
  pages={209--223},
  year={2004},
  publisher={IWA Publishing}
}

@article{bray2004identification,
  title={Identification of support vector machines for runoff modelling},
  author={Bray, Michaela and Han, Dawei},
  journal={Journal of Hydroinformatics},
  volume={6},
  number={4},
  pages={265--280},
  year={2004},
  publisher={IWA Publishing}
}

@article{alvisi2007short,
  title={A short-term, pattern-based model for water-demand forecasting},
  author={Alvisi, Stefano and Franchini, Marco and Marinelli, Alberto},
  journal={Journal of hydroinformatics},
  volume={9},
  number={1},
  pages={39--50},
  year={2007},
  publisher={IWA Publishing}
}

@article{gautam2001rainfall,
  title={Rainfall-runoff modelling using adaptive neuro-fuzzy systems},
  author={Gautam, DK and Holz, Klaus-Peter},
  journal={Journal of Hydroinformatics},
  volume={3},
  number={1},
  pages={3--10},
  year={2001},
  publisher={IWA Publishing}
}

@article{shrestha2009assessing,
  title={Assessing uncertainty in rainfall-runoff models: Application of data-driven models},
  author={Shrestha, DL and Solomatine, DP},
  year={2009}
}

@book{jorgensen1997theory,
  title={The theory of dispersion models},
  author={Jorgensen, Bent},
  year={1997},
  publisher={CRC Press}
}
%------------------------------------------------------------------------------------------------------------------------------------------------------------------------
%	CHAPTER 3
%------------------------------------------------------------------------------------------------------------------------------------------------------------------------
@article{mlmastery2014,
  title={4-Steps to Get Started in Machine Learning: The Top-Down Strategy for Beginners to Start and Practice},
  author={Brownlee, Jason},
  journal={ML Mastery},
  url={https://machinelearningmastery.com/4-steps-to-get-started-in-machine-learning/},
  year={2014}
}

@article{mindmap2017,
  title={Machine Learning--Mind Map Cheatsheet},
  author={Ingle, Karan},
  journal={Medium},
  url={https://medium.com/@karan.ingle/machine-learning-mind-map-cheatsheet-cb200b2246fe},
  year={2017}
}

@misc{stat504analysis,
  title={STAT 504 Analysis of Discrete Data, Fall 2018. Penn State: Eberly College of Science},
  author={{Penn State Department of Statistics Online Programs}},
  year={2018},
  url={https://onlinecourses.science.psu.edu/stat504/node/49/}
}

@article{dettinger2011atmospheric,
  title={Atmospheric rivers, floods and the water resources of California},
  author={Dettinger, Michael D and Ralph, Fred Martin and Das, Tapash and Neiman, Paul J and Cayan, Daniel R},
  journal={Water},
  volume={3},
  number={2},
  pages={445--478},
  year={2011},
  publisher={Molecular Diversity Preservation International}
}
%------------------------------------------------------------------------------------------------------------------------------------------------------------------------
%	CHAPTER 4
%------------------------------------------------------------------------------------------------------------------------------------------------------------------------
@article{legates1999evaluating,
  title={Evaluating the use of goodness-of-fit measures in hydrologic and hydroclimatic model validation},
  author={Legates, David R and McCabe Jr, Gregory J},
  journal={Water resources research},
  volume={35},
  number={1},
  pages={233--241},
  year={1999},
  publisher={Wiley Online Library}
}

@article{krause2005comparison,
  title={Comparison of different efficiency criteria for hydrological model assessment},
  author={Krause, Peter and Boyle, DP and B{\"a}se, Frank},
  journal={Advances in geosciences},
  volume={5},
  pages={89--97},
  year={2005}
}

@article{hennig2007some,
  title={Some thoughts about the design of loss functions},
  author={Hennig, Christian and Kutlukaya, Mahmut},
  journal={REVSTAT--Statistical Journal},
  volume={5},
  number={1},
  pages={19--39},
  year={2007}
}

@book{sutton2018reinforcement,
  title={Reinforcement learning: An introduction},
  author={Sutton, Richard S and Barto, Andrew G},
  year={2018},
  publisher={MIT press}
}

@Manual{doParallel,
  title = {doParallel: Foreach Parallel Adaptor for the 'parallel' Package},
  author = {Microsoft Corporation and Steve Weston},
  year = {2017},
  note = {R package version 1.0.11},
  url = {https://CRAN.R-project.org/package=doParallel},
}
@Manual{parallel,
  title = {R: A Language and Environment for Statistical Computing},
  author = {{R Core Team}},
  organization = {R Foundation for Statistical Computing},
  address = {Vienna, Austria},
  year = {2017},
  url = {https://www.R-project.org/},
}
@Manual{iterators,
  title = {iterators: Provides Iterator Construct for R},
  author = {Revolution Analytics and Steve Weston},
  year = {2017},
  note = {R package version 1.0.9},
  url = {https://CRAN.R-project.org/package=iterators},
}
@Manual{foreach,
  title = {foreach: Provides Foreach Looping Construct for R},
  author = {{Microsoft} and Steve Weston},
  year = {2017},
  note = {R package version 1.4.4},
  url = {https://CRAN.R-project.org/package=foreach},
}
@Manual{stats,
  title = {R: A Language and Environment for Statistical Computing},
  author = {{R Core Team}},
  organization = {R Foundation for Statistical Computing},
  address = {Vienna, Austria},
  year = {2017},
  url = {https://www.R-project.org/},
}
@Manual{grDevices,
  title = {R: A Language and Environment for Statistical Computing},
  author = {{R Core Team}},
  organization = {R Foundation for Statistical Computing},
  address = {Vienna, Austria},
  year = {2017},
  url = {https://www.R-project.org/},
}
@Manual{utils,
  title = {R: A Language and Environment for Statistical Computing},
  author = {{R Core Team}},
  organization = {R Foundation for Statistical Computing},
  address = {Vienna, Austria},
  year = {2017},
  url = {https://www.R-project.org/},
}
@Manual{datasets,
  title = {R: A Language and Environment for Statistical Computing},
  author = {{R Core Team}},
  organization = {R Foundation for Statistical Computing},
  address = {Vienna, Austria},
  year = {2017},
  url = {https://www.R-project.org/},
}
@Manual{graphics,
  title = {R: A Language and Environment for Statistical Computing},
  author = {{R Core Team}},
  organization = {R Foundation for Statistical Computing},
  address = {Vienna, Austria},
  year = {2017},
  url = {https://www.R-project.org/},
}
@Manual{methods,
  title = {R: A Language and Environment for Statistical Computing},
  author = {{R Core Team}},
  organization = {R Foundation for Statistical Computing},
  address = {Vienna, Austria},
  year = {2017},
  url = {https://www.R-project.org/},
}
@Manual{base,
  title = {R: A Language and Environment for Statistical Computing},
  author = {{R Core Team}},
  organization = {R Foundation for Statistical Computing},
  address = {Vienna, Austria},
  year = {2017},
  url = {https://www.R-project.org/},
}


@article{cadwruf2016,
  title={Estimates of Natural and Unimpaired Flows for the Central Valley of California: Water Years 1922-2014},
  author={{California Department of Water Resources, Bay-Delta Office}},
  journal={},
  volume={},
  number={},
  pages={},
  year={2016},
  publisher={}
}

%------------------------------------------------------------------------------------------------------------------------------------------------------------------------
%	CHAPTER 5
%------------------------------------------------------------------------------------------------------------------------------------------------------------------------
@article{roberts2017cross,
  title={Cross-validation strategies for data with temporal, spatial, hierarchical, or phylogenetic structure},
  author={Roberts, David R and Bahn, Volker and Ciuti, Simone and Boyce, Mark S and Elith, Jane and Guillera-Arroita, Gurutzeta and Hauenstein, Severin and Lahoz-Monfort, Jos{\'e} J and Schr{\"o}der, Boris and Thuiller, Wilfried and others},
  journal={Ecography},
  year={2017},
  publisher={Wiley Online Library}
}

@article{flint2014california,
  title={California basin characterization model: a dataset of historical and future hydrologic response to climate change},
  author={Flint, LE and Flint, AL},
  journal={US Geological Survey Data Release doi},
  volume={10},
  pages={F76T0JPB},
  year={2014}
}

@article{legendre1993spatial,
  title={Spatial autocorrelation: trouble or new paradigm?},
  author={Legendre, Pierre},
  journal={Ecology},
  volume={74},
  number={6},
  pages={1659--1673},
  year={1993},
  publisher={Wiley Online Library}
}

@article{efron1997improvements,
  title={Improvements on cross-validation: the 632+ bootstrap method},
  author={Efron, Bradley and Tibshirani, Robert},
  journal={Journal of the American Statistical Association},
  volume={92},
  number={438},
  pages={548--560},
  year={1997},
  publisher={Taylor \& Francis}
}

@article{poff1997natural,
  title={The natural flow regime},
  author={Poff, N LeRoy and Allan, J David and Bain, Mark B and Karr, James R and Prestegaard, Karen L and Richter, Brian D and Sparks, Richard E and Stromberg, Julie C},
  journal={BioScience},
  volume={47},
  number={11},
  pages={769--784},
  year={1997},
  publisher={JSTOR}
}

@article{godsey2014effects,
  title={Effects of changes in winter snowpacks on summer low flows: case studies in the Sierra Nevada, California, USA},
  author={Godsey, Sarah E and Kirchner, James W and Tague, Christina L},
  journal={Hydrological Processes},
  volume={28},
  number={19},
  pages={5048--5064},
  year={2014},
  publisher={Wiley Online Library}
}

@article{pike1971elevation,
  title={Elevation-relief ratio, hypsometric integral, and geomorphic area-altitude analysis},
  author={Pike, Richard J and Wilson, Stephen E},
  journal={Geological Society of America Bulletin},
  volume={82},
  number={4},
  pages={1079--1084},
  year={1971},
  publisher={Geological Society of America}
}

@article{snijders2012big,
  title={" Big Data": big gaps of knowledge in the field of internet science},
  author={Snijders, Chris and Matzat, Uwe and Reips, Ulf-Dietrich},
  journal={International Journal of Internet Science},
  volume={7},
  number={1},
  pages={1--5},
  year={2012}
}

@book{russell2016artificial,
  title={Artificial intelligence: a modern approach},
  author={Russell, Stuart J and Norvig, Peter},
  year={2016},
  publisher={Malaysia; Pearson Education Limited,}
}

% add to chapter hueristic guide
@article{vegas2009maturing,
  title={Maturing software engineering knowledge through classifications: A case study on unit testing techniques},
  author={Vegas, Sira and Juristo, Natalia and Basili, Victor R},
  journal={IEEE Transactions on Software Engineering},
  volume={35},
  number={4},
  pages={551--565},
  year={2009},
  publisher={IEEE}
}